

@Unpublished{anderson04,
  author = 		 {Greg Anderson},
  title = 		 {How to Write a Paper in Scientific Journal Style and Format},
  year = 	 2004,
  organization = {Bates College},
  note = {http://abacus.bates.edu/~ganderso/biology/resources/writing/HTWtoc.html}
}

@TechReport{wavelab,
  author = 		 {Jonathan B. Buckheit and David L. Donoho},
  title = 		 {WaveLab and Reproducible Research},
  institution =  {Stanford University},
  year = 		 2009}

@article{gentleman05,
        title = {Reproducible Research: A Bioinformatics Case Study},
        author = {Gentleman, Robert},
        year = {2005},
        journal = {Statistical Applications in Genetics and Molecular Biology},
        volume = 4,
        number = 1,
        publisher = {The Berkeley Electronic Press},
        url = {http://www.bepress.com/sagmb/vol4/iss1/art2}
}

@article{schwab00,
 author = {Schwab, Matthias and Karrenbach, Martin and Claerbout, Jon},
 title = {Making scientific computations reproducible},
 journal = {Computing in Science and Engg.},
 volume = {2},
 number = {6},
 year = {2000},
 issn = {1521-9615},
 pages = {61--67},
 doi = {http://dx.doi.org/10.1109/5992.881708},
 publisher = {IEEE Educational Activities Department},
 address = {Piscataway, NJ, USA},
 }
 
 @TechReport{dataset_paper,
  author = 		 {Claire Adam-Bourdarios, Glen Cowan, Cécile Germain, Isabelle Guyon, Balàzs Kégl, David Rousseau
},
  title = 		 {Learning to discover: the Higgs boson machine learning challenge},
  institution =  {CERN},
  year = 		 2014}
  
   @TechReport{project_presentation,
  author = 		 {Nicolas Flammarion, Martin Jaggi
},
  title = 		 {Machine Learning Class Project 1},
  institution =  {EPFL, School of Computer and Communication Sciences},
  year = 		 2021}


@Book{hunt99pragmatic,
  author = 	 {Andrew Hunt and David Thomas},
  title = 		 {The Pragmatic Programmer},
  publisher = 	 {Addison Wesley},
  year = 		 1999}

